@article{Einstein1905,
  author = {Albert Einstein},
  title = {On the Electrodynamics of Moving Bodies},
  journal = {Annalen der Physik},
  year = {1905},
  volume = {17},
  pages = {891-921},
}
@article{smith2021,
  author    = {John Smith and Jane Doe},
  title     = {An Example Paper},
  journal   = {Journal of Examples},
  year      = {2021},
  volume    = {42},
  number    = {1},
  pages     = {12-34},
}
